@article{brown2005determinants,
      title     = {Determinants of Internet and cell phone banking adoption in South Africa},
      author    = {Brown, Irwin and Molla, A},
      journal   = {Age},
      volume    = {20},
      pages     = {20--29},
      year      = {2005}
}

@article{economist2013mobileBanking,
    title       = {Is it a phone, is it a bank?},
    journal     = {The Economist},
    date        = {2013-03-30}
}

@article{asongu2015impact,
      title     = {The impact of mobile phone penetration on African inequality},
      author    = {Asongu, Simplice},
      journal   = {International Journal of Social Economics},
      volume    = {42},
      number    = {8},
      pages     = {706--716},
      year      = {2015},
      publisher = {Emerald Group Publishing Limited}
}

@article{economist2012press1,
    title       = {Press 1 for modernity},
    journal     = {The Economist},
    date        = {2012-04-28}
}

@article{economist2013mobileMoney,
    title       = {Why does Kenya lead the world in mobile money?},
    journal     = {The Economist},
    date        = {2013-05-27}
}
